<record><leader>00000cas a2200000 a 4500</leader><controlfield tag="001">9462236</controlfield><controlfield tag="008">830429d18091830nyudn ne      0    0eng c</controlfield><datafield ind1=" " ind2=" " tag="010"><subfield code="a">sn 83030233 </subfield></datafield><datafield ind1=" " ind2=" " tag="040"><subfield code="a">NPU</subfield><subfield code="b">eng</subfield><subfield code="c">NPU</subfield><subfield code="d">NPV</subfield><subfield code="d">NPA</subfield><subfield code="d">DLC</subfield><subfield code="d">NPX</subfield><subfield code="d">DLC</subfield><subfield code="d">NJW</subfield><subfield code="d">KNP</subfield><subfield code="d">NYS</subfield><subfield code="d">KNP</subfield><subfield code="d">MGN</subfield><subfield code="d">HUL</subfield><subfield code="d">MGN</subfield><subfield code="d">CNK</subfield><subfield code="d">NYS</subfield><subfield code="d">NVK</subfield><subfield code="d">CRL</subfield><subfield code="d">CVF</subfield><subfield code="d">NYS</subfield><subfield code="d">DLC</subfield><subfield code="d">NYS</subfield><subfield code="d">OCLCG</subfield><subfield code="d">KRTAS</subfield><subfield code="d">DLC</subfield><subfield code="d">OCLCQ</subfield><subfield code="d">OCLCF</subfield><subfield code="d">OCLCO</subfield></datafield><datafield ind1="1" ind2=" " tag="029"><subfield code="a">AU@</subfield><subfield code="b">000020265651</subfield></datafield><datafield ind1=" " ind2=" " tag="042"><subfield code="a">pcc</subfield></datafield><datafield ind1=" " ind2=" " tag="043"><subfield code="a">n-us-ny</subfield></datafield><datafield ind1="0" ind2="0" tag="050"><subfield code="a">Newspaper</subfield></datafield><datafield ind1="0" ind2=" " tag="130"><subfield code="a">Commercial advertiser (New York, N.Y. : 1809)</subfield></datafield><datafield ind1="1" ind2="0" tag="245"><subfield code="a">Commercial advertiser.</subfield></datafield><datafield ind1=" " ind2=" " tag="260"><subfield code="a">New-York [N.Y.] :</subfield><subfield code="b">Printed by J. Mills, for Z. Lewis,</subfield><subfield code="c">1809-1830.</subfield></datafield><datafield ind1=" " ind2=" " tag="300"><subfield code="a">22 v. :</subfield><subfield code="b">ill. ;</subfield><subfield code="c">54 cm.</subfield></datafield><datafield ind1=" " ind2=" " tag="310"><subfield code="a">Daily (except Sunday)</subfield></datafield><datafield ind1="0" ind2=" " tag="362"><subfield code="a">Vol. 12, no. 4470 (Oct. 2, 1809)-v. 21, no. 7851 (Jan. 27, 1818); v. 21 (Jan. 28, 1818)-v. 33 (Dec. 31, 1830).</subfield></datafield><datafield ind1=" " ind2=" " tag="500"><subfield code="a">Publisher varies: Z. Lewis, 1811-1813; Lewis &amp; Hall, 1813-1820; Francis Hall &amp; Co., 1820-1830.</subfield></datafield><datafield ind1=" " ind2=" " tag="515"><subfield code="a">Numbering ceased Jan. 28, 1818.</subfield></datafield><datafield ind1=" " ind2=" " tag="530"><subfield code="a">Also issued in microform from Readex Microprint Corp. and the New York Public Library.</subfield></datafield><datafield ind1=" " ind2=" " tag="580"><subfield code="a">Semiweekly ed.: New-York spectator (New York, N.Y. : 1804).</subfield></datafield><datafield ind1=" " ind2="0" tag="651"><subfield code="a">New York (N.Y.)</subfield><subfield code="v">Newspapers.</subfield></datafield><datafield ind1=" " ind2="0" tag="651"><subfield code="a">New York County (N.Y.)</subfield><subfield code="v">Newspapers.</subfield></datafield><datafield ind1=" " ind2="7" tag="655"><subfield code="a">Newspapers.</subfield><subfield code="2">fast</subfield><subfield code="0">(OCoLC)fst01423814</subfield></datafield><datafield ind1=" " ind2="7" tag="651"><subfield code="a">New York (State)</subfield><subfield code="z">New York.</subfield><subfield code="2">fast</subfield><subfield code="0">(OCoLC)fst01204333</subfield></datafield><datafield ind1=" " ind2="7" tag="651"><subfield code="a">New York (State)</subfield><subfield code="z">New York County.</subfield><subfield code="2">fast</subfield><subfield code="0">(OCoLC)fst01234953</subfield></datafield><datafield ind1="1" ind2=" " tag="700"><subfield code="a">Lewis, Zechariah,</subfield><subfield code="d">1773-1840.</subfield></datafield><datafield ind1="1" ind2=" " tag="700"><subfield code="a">Hall, Francis,</subfield><subfield code="d">1784?-1866.</subfield></datafield><datafield ind1="1" ind2=" " tag="700"><subfield code="a">Stone, William L.</subfield><subfield code="q">(William Leete),</subfield><subfield code="d">1792-1844.</subfield></datafield><datafield ind1=" " ind2=" " tag="752"><subfield code="a">United States</subfield><subfield code="b">New York</subfield><subfield code="c">New York</subfield><subfield code="d">New York.</subfield></datafield><datafield ind1="1" ind2=" " tag="775"><subfield code="t">New-York spectator (New York, N.Y. : 1804)</subfield><subfield code="w">(DLC)sn 83045488</subfield><subfield code="w">(OCoLC)9487613</subfield></datafield><datafield ind1="1" ind2=" " tag="776"><subfield code="c">Microfilm</subfield><subfield code="d">Readex</subfield><subfield code="w">(OCoLC)34154760</subfield></datafield><datafield ind1="1" ind2=" " tag="776"><subfield code="c">Microfilm</subfield><subfield code="d">NYPL</subfield><subfield code="w">(OCoLC)22843930</subfield></datafield><datafield ind1="0" ind2="0" tag="780"><subfield code="t">New-York commercial advertiser (New York, N.Y. : 1804)</subfield><subfield code="w">(DLC)sn 83030231</subfield><subfield code="w">(OCoLC)9450509</subfield></datafield><datafield ind1="0" ind2="0" tag="785"><subfield code="t">New-York commercial advertiser (New York, N.Y. : 1831)</subfield><subfield code="w">(DLC)sn 84031981</subfield><subfield code="w">(OCoLC)11512345</subfield></datafield><datafield ind1=" " ind2=" " tag="938"><subfield code="a">Kirtas Technologies, Inc.</subfield><subfield code="b">KRTS</subfield><subfield code="n">736581</subfield></datafield></record>